@misc{Gen√©ticos,
      author = "Carl K. Chang, Mark J. Christensen, Tao Zhang",
      title = "Genetic Algorithms for Project Management",
      month = "",
      year = "2001",
      url = "https://www.researchgate.net/publication/228701680_Genetic_algorithms_for_project_management"
}

@misc{Arrefecimento,
      author = "K. Bouleimen, H. Lecocq",
      title = "A new efficient simulated annealing algorithm for the
resource-constrained project scheduling problem
and its multiple mode version",
      month = "",
      year = "2002",
      url = "https://pdfs.semanticscholar.org/91f9/f6c1015fef521f7f793845ce413614485d5e.pdf"
}